@book{meeus1991,
    author    = {Jean Meeus},
    title     = {Astronomical algorithms},
    publisher = {Willmann-Bell Inc},
    year      = {1991},
}
