@inproceedings{adams2010treestructured,
  title={Tree-structured stick breaking for hierarchical data},
  author={Adams, Ryan P and Ghahramani, Zoubin and Jordan, Michael I},
  booktitle={24th Annual Conference on Neural Information Processing Systems (NIPS 2010)},
  year={2010}
}

@inproceedings{arthur2007k,
  title={k-means++ the advantages of careful seeding},
  author={Arthur, David and Vassilvitskii, Sergei},
  booktitle={Proceedings of the eighteenth annual ACM-SIAM symposium on Discrete algorithms},
  pages={1027--1035},
  year={2007}
}

@article{bradshaw2017adversarial,
  title={Adversarial examples, uncertainty, and transfer testing robustness in Gaussian process hybrid deep networks},
  author={Bradshaw, James and Matthews, Alexander GD and Ghahramani, Zoubin},
  journal={arXiv preprint arXiv:1707.02476},
  year={2017}
}

@inproceedings{calandra2016manifold,
  title={Manifold Gaussian processes for regression},
  author={Calandra, Roberto and Peters, Jan and Rasmussen, Carl Edward and Deisenroth, Marc Peter},
  booktitle={2016 International Joint Conference on Neural Networks (IJCNN)},
  pages={3338--3345},
  year={2016},
  organization={IEEE}
}

@inproceedings{castro2018end,
  title={End-to-end incremental learning},
  author={Castro, Francisco M and Mar{\'\i}n-Jim{\'e}nez, Manuel J and Guil, Nicolas and Schmid, Cordelia and Alahari, Karteek},
  booktitle={Proceedings of the European Conference on Computer Vision (ECCV)},
  pages={233--248},
  year={2018}
}

@inproceedings{chaudhry2018riemannian,
  title={Riemannian walk for incremental learning: Understanding forgetting and intransigence},
  author={Chaudhry, Arslan and Dokania, Puneet Kumar and Ajanthan, Thalaiyasingam and Torr, Philip HS},
  booktitle={Proceedings of the European Conference on Computer Vision (ECCV)},
  pages={532--547},
  year={2018}
}

@inproceedings{damianou2013deep,
  title={Deep Gaussian processes},
  author={Damianou, Andreas and Lawrence, Neil D},
  booktitle={Artificial Intelligence and Statistics},
  pages={207--215},
  year={2013},
  organization={PMLR}
}

@inproceedings{deng2009imagenet,
  title={Imagenet: A large-scale hierarchical image database},
  author={Deng, Jia and Dong, Wei and Socher, Richard and Li, Li-Jia and Li, Kai and Fei-Fei, Li},
  booktitle={2009 IEEE conference on computer vision and pattern recognition},
  pages={248--255},
  year={2009},
  organization={Ieee}
}

@inproceedings{douillard2020podnet,
  title={PODNet: Pooled outputs distillation for small-tasks incremental learning},
  author={Douillard, Arthur and Cord, Matthieu and Ollion, Charles and Robert, Thomas and Valle, Eduardo},
  booktitle={Proceedings of the European Conference on Computer Vision (ECCV)},
  year={2020}
}

@inproceedings{finn2017model,
  title={Model-agnostic meta-learning for fast adaptation of deep networks},
  author={Finn, Chelsea and Abbeel, Pieter and Levine, Sergey},
  booktitle={Proceedings of the 34th International Conference on Machine Learning},
  pages={1126--1135},
  year={2017},
  organization={PMLR}
}

@inproceedings{galy2020multiclass,
  title={Multiclass Gaussian process classification made conjugate: Efficient inference via data augmentation},
  author={Galy-Fajou, Thibaud and Wenzel, Florian and Donner, Christian and Opper, Manfred},
  booktitle={Uncertainty in Artificial Intelligence},
  pages={755--765},
  year={2020},
  organization={PMLR}
}

@inproceedings{gidaris2018dynamic,
  title={Dynamic few-shot visual learning without forgetting},
  author={Gidaris, Spyros and Komodakis, Nikos},
  booktitle={Proceedings of the IEEE Conference on Computer Vision and Pattern Recognition (CVPR)},
  pages={4367--4375},
  year={2018}
}

@article{goodfellow2014catastrophic,
  title={An empirical investigation of catastrophic forgetting in gradient-based neural networks},
  author={Goodfellow, Ian J and Mirza, Mehdi and Da, Xiao and Courville, Aaron C and Bengio, Yoshua},
  journal={arXiv preprint arXiv:1312.6211},
  year={2014}
}

@inproceedings{he2018exemplar,
  title={Exemplar-supported generative reproduction for class incremental learning},
  author={He, Can and Wang, Rui and Shan, Shiguang and Chen, Xilin},
  booktitle={Proceedings of the British Machine Vision Conference (BMVC)},
  year={2018}
}

@inproceedings{he2016deep,
  title={Deep residual learning for image recognition},
  author={He, Kaiming and Zhang, Xiangyu and Ren, Shaoqing and Sun, Jian},
  booktitle={Proceedings of the IEEE Conference on Computer Vision and Pattern Recognition (CVPR)},
  pages={770--778},
  year={2016}
}

@inproceedings{hensman2015scalable,
  title={Scalable variational Gaussian process classification},
  author={Hensman, James and Matthews, Alexander and Ghahramani, Zoubin},
  booktitle={Artificial Intelligence and Statistics (AISTATS)},
  pages={351--360},
  year={2015},
  organization={PMLR}
}

@inproceedings{hernandez2011robust,
  title={Robust multi-class Gaussian process classification},
  author={Hern{\'a}ndez-Lobato, Daniel and Hern{\'a}ndez-Lobato, Jos{\'e} and Dupont, Pierre},
  booktitle={Advances in Neural Information Processing Systems (NIPS)},
  pages={280--288},
  year={2011}
}

@article{hoffman2013stochastic,
  title={Stochastic variational inference},
  author={Hoffman, Matthew D and Blei, David M and Wang, Chong and Paisley, John},
  journal={Journal of Machine Learning Research},
  volume={14},
  number={5},
  year={2013}
}

@inproceedings{hou2019learning,
  title={Learning a unified classifier incrementally via rebalancing},
  author={Hou, Saihui and Pan, Xinyu and Loy, Chen Change and Wang, Zilei and Lin, Dahua},
  booktitle={Proceedings of the IEEE/CVF Conference on Computer Vision and Pattern Recognition},
  pages={831--839},
  year={2019}
}

@inproceedings{izmailov2018scalable,
  title={Scalable Gaussian processes with billions of inducing inputs via tensor train decomposition},
  author={Izmailov, Pavel and Novikov, Alexey and Kropotov, Dmitry},
  booktitle={International Conference on Artificial Intelligence and Statistics},
  pages={726--735},
  year={2018},
  organization={PMLR}
}

@inproceedings{liu2020more,
  title={More classifiers, less forgetting: A generic multi-classifier paradigm for incremental learning},
  author={jun Liu, Yu and Parisot, Sarah and Slabaugh, Gregory and Jia, Xuelong and Leonardis, Ale{\v{s}} and Tuytelaars, Tinne},
  booktitle={European Conference on Computer Vision (ECCV)},
  year={2020}
}

@inproceedings{kingma2014adam,
  title={ADAM: A method for stochastic optimization},
  author={Kingma, Diederik P and Ba, Jimmy},
  booktitle={International Conference on Learning Representations},
  year={2014}
}

@article{kirkpatrick2017overcoming,
  title={Overcoming catastrophic forgetting in neural networks},
  author={Kirkpatrick, James and Pascanu, Razvan and Rabinowitz, Neil and Veness, Joel and Desjardins, Guillaume and Rusu, Andrei A and Milan, Karol and Quan, John and Ramalho, Tiago and Grabska-Barwinska, Agnieszka and others},
  journal={Proceedings of the National Academy of Sciences},
  volume={114},
  number={13},
  pages={3521--3526},
  year={2017}
}

@inproceedings{lee2017overcoming,
  title={Overcoming catastrophic forgetting by incremental moment matching},
  author={Lee, Sang-Woo and Kim, Jin-Hwa and Jun, Jaehyun and Ha, Jung-Woo and Zhang, Byoung-Tak},
  booktitle={Advances in Neural Information Processing Systems},
  volume={30},
  pages={4652--4662},
  year={2017}
}

@inproceedings{linderman2015dependent,
  title={Dependent multinomial models made easy: Stick breaking with the Polya-Gamma augmentation},
  author={Linderman, Scott W and Johnson, Matthew J and Adams, Ryan P},
  booktitle={Proceedings of the 28th International Conference on Neural Information Processing Systems-Volume 2},
  pages={3456--3464},
  year={2015}
}

@article{liu2020when,
  title={When Gaussian process meets big data: A review of scalable GPs},
  author={Liu, Han and Ong, Yew-Soon and Shen, Xincheng and Cai, Jianfei},
  journal={IEEE transactions on neural networks and learning systems},
  volume={31},
  number={11},
  pages={4405--4423},
  year={2020}
}

@inproceedings{liu2020mnemonics,
  title={Mnemonics training: Multi-class incremental learning without forgetting},
  author={Liu, Yuting and Su, Yu and Liu, An-An and Schiele, Bernt and Sun, Qing},
  booktitle={Proceedings of the IEEE/CVF Conference on Computer Vision and Pattern Recognition},
  pages={12245--12254},
  year={2020}
}

@inproceedings{mallya2018packnet,
  title={Packnet: Adding multiple tasks to a single network by iterative pruning},
  author={Mallya, Arun and Lazebnik, Svetlana},
  booktitle={Proceedings of the IEEE Conference on Computer Vision and Pattern Recognition},
  pages={7765--7773},
  year={2018}
}

@inproceedings{mallya2018piggyback,
  title={Piggyback: Adapting a single network to multiple tasks by learning to mask weights},
  author={Mallya, Arun and Davis, Dillon and Lazebnik, Svetlana},
  booktitle={Proceedings of the European Conference on Computer Vision},
  pages={67--82},
  year={2018}
}

@incollection{mccloskey1989catastrophic,
  title={Catastrophic interference in connectionist networks: The sequential learning problem},
  author={McCloskey, Michael and Cohen, Neal J},
  booktitle={Psychology of learning and motivation},
  volume={24},
  pages={109--165},
  year={1989},
  publisher={Elsevier}
}

@phdthesis{minka2001family,
  title={A family of algorithms for approximate Bayesian inference},
  author={Minka, Thomas P},
  year={2001},
  school={Massachusetts Institute of Technology}
}

@inproceedings{mnih2008scalable,
  title={A scalable hierarchical distributed language model},
  author={Mnih, Andriy and Hinton, Geoffrey E},
  booktitle={Advances in neural information processing systems},
  volume={21},
  pages={1081--1088},
  year={2008}
}

@inproceedings{morin2005hierarchical,
  title={Hierarchical probabilistic neural network language model},
  author={Morin, Frederic and Bengio, Yoshua},
  booktitle={AISTATS},
  volume={5},
  pages={246--252},
  year={2005},
  organization={Citeseer}
}

@inproceedings{nassar2019tree,
  title={Tree-structured recurrent switching linear dynamical systems for multi-scale modeling},
  author={Nassar, Joanna and Linderman, Scott and Bugallo, Monique and Park, Il Memming},
  booktitle={International Conference on Learning Representations},
  year={2019}
}

@article{nemeth2020stochastic,
  title={Stochastic gradient Markov chain Monte Carlo},
  author={Nemeth, Christopher and Fearnhead, Paul},
  journal={Journal of the American Statistical Association},
  pages={1--18},
  year={2020}
}

@article{nguyen2019scalable,
  title={A scalable hierarchical Gaussian process classifier},
  author={Nguyen, Thanh Nho Anh and Bouzerdoum, Abdesselam and Phung, Son Lam},
  journal={IEEE Transactions on Signal Processing},
  volume={67},
  number={11},
  pages={3042--3057},
  year={2019}
}

@article{polson2013bayesian,
  title={Bayesian inference for logistic models using Polya--Gamma latent variables},
  author={Polson, Nicholas G and Scott, James G and Windle, Jesse},
  journal={Journal of the American Statistical Association},
  pages={1339--1349},
  year={2013}
}

@article{quinonero2005unifying,
  title={A unifying view of sparse approximate Gaussian process regression},
  author={Quinonero-Candela, Joaquin and Rasmussen, Carl Edward},
  journal={The Journal of Machine Learning Research},
  volume={6},
  pages={1939--1959},
  year={2005}
}

@book{rasmussen2006gaussian,
  title={Gaussian processes for machine learning},
  author={Rasmussen, Carl Edward and Williams, Christopher KI},
  year={2006},
  publisher={MIT Press}
}

@inproceedings{rebuffi2017icarl,
  title={iCaRL: Incremental classifier and representation learning},
  author={Rebuffi, Sylvestre-Alvise and Kolesnikov, Alexander and Sperl, Georg and Lampert, Christoph H},
  booktitle={Proceedings of the IEEE Conference on Computer Vision and Pattern Recognition},
  pages={2001--2010},
  year={2017}
}

@inproceedings{ren2019incremental,
  title={Incremental few-shot learning with attention attractor networks},
  author={Ren, Mengye and Liao, Renjie and Fetaya, Ethan and Zemel, Richard S},
  booktitle={Advances in Neural Information Processing Systems},
  pages={5276--5286},
  year={2019}
}

@article{rifkin2004defense,
  title={In defense of one-vs-all classification},
  author={Rifkin, Ryan and Klautau, Aldebaro},
  journal={The Journal of Machine Learning Research},
  volume={5},
  pages={101--141},
  year={2004}
}

@article{rusu2016progressive,
  title={Progressive neural networks},
  author={Rusu, Andrei A and Rabinowitz, Neil C and Desjardins, Guillaume and Soyer, Hubert and Kirkpatrick, James and Kavukcuoglu, Koray and Pascanu, Razvan and Hadsell, Raia},
  journal={arXiv preprint arXiv:1606.04671},
  year={2016}
}

@article{sachs2020posterior,
  title={Posterior computation with the Gibbs zig-zag sampler},
  author={Sachs, Matthew and Sen, Debarghya and Lu, Junyao and Dunson, David},
  journal={arXiv preprint arXiv:2004.04254},
  year={2020}
}

@inproceedings{schwarz2018progress,
  title={Progress \& compress: A scalable framework for continual learning},
  author={Schwarz, Jonathan and Czarnecki, Wojciech and Luketina, Jelena and Grabska-Barwinska, Agnieszka and Teh, Yee Whye and Pascanu, Razvan and Hadsell, Raia},
  booktitle={International Conference on Machine Learning},
  pages={4528--4537},
  year={2018},
  organization={PMLR}
}

@article{sen2020efficient,
  title={Efficient posterior sampling for high-dimensional imbalanced logistic regression},
  author={Sen, Debarghya and Sachs, Matthew and Lu, Junyao and Dunson, David B},
  journal={Biometrika},
  volume={107},
  number={4},
  pages={1005--1012},
  year={2020}
}

@inproceedings{serra2018overcoming,
  title={Overcoming catastrophic forgetting with hard attention to the task},
  author={Serra, Joan and Suris, D\'idac and Miron, Marius and Karatzoglou, Alexandros},
  booktitle={International Conference on Machine Learning},
  pages={4548--4557},
  year={2018},
  organization={PMLR}
}

@article{silverman1985some,
  title={Some aspects of the spline smoothing approach to non-parametric regression curve fitting},
  author={Silverman, Bernard W},
  journal={Journal of the Royal Statistical Society: Series B (Methodological)},
  volume={47},
  number={1},
  pages={1--21},
  year={1985}
}

@inproceedings{snell2021bayesian,
  title={Bayesian few-shot classification with one-vs-each Polya-Gamma augmented Gaussian processes},
  author={Snell, Jake and Zemel, Richard},
  booktitle={International Conference on Learning Representations},
  year={2021}
}

@inproceedings{snell2017prototypical,
  title={Prototypical networks for few-shot learning},
  author={Snell, Jake and Swersky, Kevin and Zemel, Richard},
  booktitle={Proceedings of the 31st International Conference on Neural Information Processing Systems},
  pages={4080--4090},
  year={2017}
}

@inproceedings{snelson2006sparse,
  title={Sparse Gaussian processes using pseudo-inputs},
  author={Snelson, Edward and Ghahramani, Zoubin},
  booktitle={Advances in Neural Information Processing Systems},
  pages={1257--1264},
  year={2006},
  publisher={MIT Press}
}

@inproceedings{taitelbaum2019network,
  title={Network adaptation strategies for learning new classes without forgetting the original ones},
  author={Taitelbaum, Harel and Chechik, Gal and Goldberger, Jacob},
  booktitle={IEEE International Conference on Acoustics, Speech and Signal Processing (ICASSP)},
  pages={3637--3641},
  year={2019},
  organization={IEEE}
}

@inproceedings{tao2020few,
  title={Few-shot class-incremental learning},
  author={Tao, Xiaoyu and Hong, Xinyu and Chang, Xiaopeng and Dong, Song and Wei, Xiu-Shen and Gong, Yihong},
  booktitle={Proceedings of the IEEE Conference on Computer Vision and Pattern Recognition},
  year={2020}
}

@inproceedings{titsias2019functional,
  title={Functional regularisation for continual learning with Gaussian processes},
  author={Titsias, Michalis K and Schwarz, Jonathan and Matthews, Alexander GDG and Pascanu, Razvan and Teh, Yee Whye},
  booktitle={International Conference on Learning Representations},
  year={2019}
}

@inproceedings{vinyals2016matching,
  title={Matching networks for one shot learning},
  author={Vinyals, Oriol and Blundell, Charles and Lillicrap, Timothy and Kavukcuoglu, Koray and Wierstra, Daan},
  booktitle={Proceedings of the 30th International Conference on Neural Information Processing Systems},
  pages={3637--3645},
  year={2016}
}

@techreport{welinder2010caltech,
  title={Caltech-UCSD Birds 200},
  author={Welinder, Peter and Branson, Steve and Mita, Takeshi and Wah, Catherine and Schroff, Florian and Belongie, Serge and Perona, Pietro},
  year={2010},
  institution={California Institute of Technology},
  number={CNS-TR-2010-001}
}

@inproceedings{wenzel2019efficient,
  title={Efficient Gaussian process classification using Polya-Gamma data augmentation},
  author={Wenzel, Florian and Galy-Fajou, Thomas and Donner, Christian and Kloft, Marius and Opper, Manfred},
  booktitle={The AAAI Conference on Artificial Intelligence},
  pages={5417--5424},
  year={2019},
  organization={AAAI Press}
}

@article{williams1998bayesian,
  title={Bayesian classification with Gaussian processes},
  author={Williams, Christopher KI and Barber, David},
  journal={IEEE Transactions on Pattern Analysis and Machine Intelligence},
  volume={20},
  number={12},
  pages={1342--1351},
  year={1998}
}

@inproceedings{wilson2016deep,
  title={Deep kernel learning},
  author={Wilson, Andrew Gordon and Hu, Zhiting and Salakhutdinov, Ruslan and Xing, Eric P},
  booktitle={International Conference on Artificial Intelligence and Statistics (AISTATS)},
  year={2016}
}

@inproceedings{wilson2016stochastic,
  title={Stochastic variational deep kernel learning},
  author={Wilson, Andrew Gordon and Hu, Zhiting and Salakhutdinov, Ruslan and Xing, Eric P},
  booktitle={Proceedings of the 30th International Conference on Neural Information Processing Systems},
  pages={2594--2602},
  year={2016}
}

@inproceedings{wu2018memory,
  title={Memory replay GANs: Learning to generate new categories without forgetting},
  author={Wu, Cheng and Herranz, Luis and Liu, Xialei and van de Weijer, Joost and Raducanu, Bogdan and others},
  booktitle={Advances in Neural Information Processing Systems},
  volume={31},
  pages={5962--5972},
  year={2018}
}

@inproceedings{xian2018feature,
  title={Feature generating networks for zero-shot learning},
  author={Xian, Yongqin and Lorenz, Tobias and Schiele, Bernt and Akata, Zeynep},
  booktitle={Proceedings of the IEEE conference on computer vision and pattern recognition},
  pages={5542--5551},
  year={2018}
}

@inproceedings{yoon2018lifelong,
  title={Lifelong learning with dynamically expandable networks},
  author={Yoon, Jaehong and Yang, Eunho and Lee, Jeongtae and Hwang, Sung Ju},
  booktitle={International Conference on Learning Representations},
  year={2018}
}

@inproceedings{yu2020semantic,
  title={Semantic drift compensation for class-incremental learning},
  author={Yu, Lei and Twardowski, Bartlomiej and Liu, Xialei and Herranz, Luis and Wang, Kai and Cheng, Yuting and Jui, Shikun and van de Weijer, Joost},
  booktitle={Proceedings of the IEEE/CVF Conference on Computer Vision and Pattern Recognition},
  pages={6982--6991},
  year={2020}
}

@inproceedings{zhai2019lifelong,
  title={Lifelong GAN: Continual learning for conditional image generation},
  author={Zhai, Mingzhang and Chen, Li and Tung, Frederick and He, Jae and Nawhal, Manmohan and Mori, Greg},
  booktitle={Proceedings of the IEEE/CVF International Conference on Computer Vision},
  pages={2759--2768},
  year={2019}
}
